@misc{
	wiki-syt,
	title		= {Systemtechnik},
	url			= {https://de.wikipedia.org/wiki/Systemtechnik},
	publisher	= {Wikipedia},
	year		= 2018
}

@misc{firebase,
	title = {{Firebase}},
	journal = {Firebase},
	year = {2018},
	month = {Mar},
	note = {[Online; accessed 17. Apr. 2018]},
	url = {https://firebase.google.com}
}

@misc{couchbaseapp,
	title = {{Offline-first apps with Couchbase Sync Gateway {$\vert$} The Couchbase Blog}},
	journal = {Couchbase Blog},
	year = {2018},
	month = {Apr},
	note = {[Online; accessed 17. Apr. 2018]},
	url = {https://blog.couchbase.com/offline-first-apps-couchbase-sync-gateway}
}

@misc{couchbaseintro,
	title = {{Why Couchbase?}},
	year = {2018},
	month = {Apr},
	note = {[Online; accessed 17. Apr. 2018]},
	url = {https://developer.couchbase.com/documentation/server/5.1/introduction/intro.html}
}

@misc{syncgateway,
	title = {{Couchbase}},
	year = {2018},
	month = {Apr},
	note = {[Online; accessed 17. Apr. 2018]},
	url = {https://developer.couchbase.com/documentation/mobile/2.0/installation/sync-gateway/index.html}
}